@book{lee2013IntroductionSmoothManifolds,
  title = {Introduction to {{Smooth Manifolds}}},
  author = {Lee, John M.},
  year = {2013},
  series = {Graduate {{Texts}} in {{Mathematics}}},
  publisher = {{Springer}},
  langid = {english}
}